@Comment А вот так оформляется библиография при помощи BibTeX.

@Comment вот так описывается многотомное издание: `Детская энциклопедия. В 12т. Т.7. Человек. ...'

@misc{bzd_book,
  title = {Электронный учебник "Безопасность жизнедеятельности"},
  howpublished = "\url{http://ftemk.mpei.ac.ru/bgd/bgd_start.htm}",
  author = {С.Г.Новиков},
  note = "(дата обращения:10.05.2016)"
}

@book{noise_book,
  title = {Расчет средств защиты от шума},
  author={Т.Г.Феоктистова and О.Г.Феоктистова and Т.В.Наумова},
  year = {2005},
  language = {russian}
}

@article{utilization,
  title = {Утилизация продуктов производства электроники},
  howpublished = "\url{http://www.kit-e.ru/assets/files/pdf/2008_10_153.pdf}",
  author={А.Медведев and С.Афанасьев},
  journal={Компоненты и технологии},
  year = {2008},
  number={10}
}
